<record><leader>00000cas a2200000 a 4500</leader><controlfield tag="001">11411772</controlfield><controlfield tag="008">841121d18491852iludn ne      0   a0eng c</controlfield><datafield ind1=" " ind2=" " tag="010"><subfield code="a">sn 84038645 </subfield></datafield><datafield ind1=" " ind2=" " tag="040"><subfield code="a">NPX</subfield><subfield code="b">eng</subfield><subfield code="c">NPX</subfield><subfield code="d">NVF</subfield><subfield code="d">HUL</subfield><subfield code="d">NVF</subfield><subfield code="d">CVF</subfield><subfield code="d">OCL</subfield><subfield code="d">NVF</subfield><subfield code="d">DLC</subfield><subfield code="d">NVF</subfield><subfield code="d">OCLCQ</subfield><subfield code="d">OCLCF</subfield><subfield code="d">NVF</subfield><subfield code="d">OCLCO</subfield></datafield><datafield ind1="1" ind2=" " tag="029"><subfield code="a">AU@</subfield><subfield code="b">000003751561</subfield></datafield><datafield ind1=" " ind2=" " tag="042"><subfield code="a">pcc</subfield></datafield><datafield ind1=" " ind2=" " tag="043"><subfield code="a">n-us-il</subfield></datafield><datafield ind1="0" ind2="0" tag="050"><subfield code="a">Newspaper</subfield></datafield><datafield ind1="0" ind2=" " tag="130"><subfield code="a">Daily register (Springfield, Ill.)</subfield></datafield><datafield ind1="1" ind2="0" tag="245"><subfield code="a">Daily register.</subfield></datafield><datafield ind1="1" ind2="3" tag="246"><subfield code="a">Illinois state register</subfield></datafield><datafield ind1="1" ind2="3" tag="246"><subfield code="a">Daily Illinois state register</subfield></datafield><datafield ind1=" " ind2=" " tag="260"><subfield code="a">Springfield [Ill.] :</subfield><subfield code="b">Lanphier &amp; Walker,</subfield><subfield code="c">1849-1852.</subfield></datafield><datafield ind1=" " ind2=" " tag="300"><subfield code="a">v.</subfield></datafield><datafield ind1=" " ind2=" " tag="310"><subfield code="a">Daily (except Sunday)</subfield></datafield><datafield ind1="0" ind2=" " tag="362"><subfield code="a">Vol. 1, no. 1 (Jan. 2, 1849)-v. 4, no. 104 (Apr. 31, 1852 [i.e. May 1, 1852]).</subfield></datafield><datafield ind1=" " ind2=" " tag="515"><subfield code="a">Issue for May 1, 1852 erroneously designated as Apr. 31, 1852.</subfield></datafield><datafield ind1=" " ind2=" " tag="530"><subfield code="a">Preservation microfilmed by the University of Illinois at Urbana-Champaign Library as part of the United States Newspaper Program; the years 1849-1850 (on 1 microfilm reel) are available for purchase from OCLC Preservation Service Centers.</subfield></datafield><datafield ind1=" " ind2=" " tag="580"><subfield code="a">Triweekly ed.: State register (Springfield, Ill.), &lt;1849&gt;.</subfield></datafield><datafield ind1=" " ind2=" " tag="580"><subfield code="a">Weekly ed.: Illinois State register (Springfield, Ill. : 1839), 1849-1952.</subfield></datafield><datafield ind1=" " ind2="0" tag="651"><subfield code="a">Springfield (Ill.)</subfield><subfield code="v">Newspapers.</subfield></datafield><datafield ind1=" " ind2="7" tag="651"><subfield code="a">Illinois</subfield><subfield code="z">Springfield.</subfield><subfield code="2">fast</subfield><subfield code="0">(OCoLC)fst01204937</subfield></datafield><datafield ind1=" " ind2="7" tag="655"><subfield code="a">Newspapers.</subfield><subfield code="2">fast</subfield><subfield code="0">(OCoLC)fst01423814</subfield></datafield><datafield ind1=" " ind2=" " tag="752"><subfield code="a">United States</subfield><subfield code="b">Illinois</subfield><subfield code="c">Sangamon</subfield><subfield code="d">Springfield.</subfield></datafield><datafield ind1="1" ind2=" " tag="775"><subfield code="t">Illinois State register (Springfield, Ill. : 1839)</subfield><subfield code="w">(DLC)sn 82015552</subfield><subfield code="w">(OCoLC)8821120</subfield></datafield><datafield ind1="1" ind2=" " tag="775"><subfield code="t">State register (Springfield, Ill.)</subfield><subfield code="w">(DLC)sn 84024166</subfield><subfield code="w">(OCoLC)10598265</subfield></datafield><datafield ind1="0" ind2="0" tag="785"><subfield code="t">Illinois State register (Springfield, Ill. : 1852)</subfield><subfield code="w">(DLC)sn 90054090</subfield><subfield code="w">(OCoLC)21465499</subfield></datafield><datafield ind1=" " ind2=" " tag="850"><subfield code="a">MH</subfield></datafield></record>